<record><leader>00000cas a2200000 a 4500</leader><controlfield tag="001">50078949</controlfield><controlfield tag="008">020628d19221985cauwr ne      0    0eng c</controlfield><datafield ind1=" " ind2=" " tag="010"><subfield code="a">sn2002060247</subfield></datafield><datafield ind1=" " ind2=" " tag="040"><subfield code="a">CNK</subfield><subfield code="b">eng</subfield><subfield code="c">CNK</subfield><subfield code="d">CNK</subfield><subfield code="d">OCLCQ</subfield><subfield code="d">OCLCF</subfield><subfield code="d">OCLCO</subfield></datafield><datafield ind1="1" ind2=" " tag="029"><subfield code="a">AU@</subfield><subfield code="b">000023725914</subfield></datafield><datafield ind1=" " ind2=" " tag="042"><subfield code="a">pcc</subfield></datafield><datafield ind1=" " ind2=" " tag="043"><subfield code="a">n-us-ca</subfield></datafield><datafield ind1="0" ind2="4" tag="245"><subfield code="a">The Yorba Linda star.</subfield></datafield><datafield ind1=" " ind2=" " tag="260"><subfield code="a">Yorba Linda, Orange County, Calif. :</subfield><subfield code="b">F.H. Fowler</subfield></datafield><datafield ind1=" " ind2=" " tag="300"><subfield code="a">v.</subfield></datafield><datafield ind1=" " ind2=" " tag="310"><subfield code="a">Weekly,</subfield><subfield code="b">July 13, 1923-Mar. 27, 1985</subfield></datafield><datafield ind1=" " ind2=" " tag="321"><subfield code="a">Three times a week,</subfield><subfield code="b">July 7-Aug. 30, 1922</subfield></datafield><datafield ind1=" " ind2=" " tag="321"><subfield code="a">Semiweekly,</subfield><subfield code="b">Sept. 1, 1922-July 10, 1923</subfield></datafield><datafield ind1="0" ind2=" " tag="362"><subfield code="a">Vol. 5, no. 145 (July 7, 1922)-v. 14, no. 13 (Mar. 27, 1985).</subfield></datafield><datafield ind1=" " ind2=" " tag="500"><subfield code="a">"Covering Yorba Linda-Atwood-Yorba-Olinda-Santa Ana Canyon Districts-East Coyote Hills and Richfield-Yorba Linda Oil Fields."</subfield></datafield><datafield ind1=" " ind2=" " tag="515"><subfield code="a">Vol. designation changed from v. 66, no. 36 (Sept. 5, 1984) to &lt;v. 13, no. 37 [i.e. 38] (Sept. 19, 1984)&gt;</subfield></datafield><datafield ind1=" " ind2=" " tag="530"><subfield code="a">Master negatives are available for duplication from:</subfield><subfield code="b">California Newspaper Microfilm Archive;</subfield><subfield code="c">positive copies may be purchased by the reel; for further information consult the CNMA at:</subfield><subfield code="u">http://cbsr.ucr.edu</subfield></datafield><datafield ind1=" " ind2="0" tag="651"><subfield code="a">Yorba Linda (Calif.)</subfield><subfield code="v">Newspapers.</subfield></datafield><datafield ind1=" " ind2="7" tag="655"><subfield code="a">Newspapers.</subfield><subfield code="2">fast</subfield><subfield code="0">(OCoLC)fst01423814</subfield></datafield><datafield ind1=" " ind2="7" tag="651"><subfield code="a">California</subfield><subfield code="z">Yorba Linda.</subfield><subfield code="2">fast</subfield><subfield code="0">(OCoLC)fst01226560</subfield></datafield><datafield ind1=" " ind2=" " tag="752"><subfield code="a">United States</subfield><subfield code="b">California</subfield><subfield code="c">Orange</subfield><subfield code="d">Yorba Linda.</subfield></datafield><datafield ind1="0" ind2="0" tag="780"><subfield code="t">Star (Yorba Linda, Calif.)</subfield><subfield code="w">(DLC)sn2003061376</subfield></datafield><datafield ind1="0" ind2="0" tag="785"><subfield code="t">Yorba Linda star and news-times</subfield><subfield code="w">(DLC)sn2003061378</subfield></datafield></record>